Data;Descricao;Receita;Despesas;Saldo;Categoria
01/10/2025;Saldo Inicial;R$ 50.000,00;;R$ 50.000,00;Inicial
01/10/2025;Venda de Serviços (Cliente A);R$ 15.200,00;;R$ 65.200,00;Vendas
10/10/2025;Pagamento de Aluguel (Escritório);;R$ 3.500,00;R$ 61.700,00;Despesas Fixas
15/10/2025;Payroll - Davi Lopes Brito (Diretor);;R$ 16.050,00;R$ 45.650,00;Folha de Pagamento
15/10/2025;Payroll - Bruno Silva (Analista de RH);;R$ 4.700,00;R$ 40.950,00;Folha de Pagamento
20/10/2025;Receita de Investimentos;R$ 500,00;;R$ 41.450,00;Investimentos
25/10/2025;Despesa com Marketing Digital;;R$ 1.200,00;R$ 40.250,00;Marketing
30/10/2025;Venda de Serviços (Cliente B);R$ 22.800,00;;R$ 63.050,00;Vendas
01/11/2025;Compra de Software Licença Anual;;R$ 950,00;R$ 62.100,00;Despesas Fixas
02/11/2025;Reembolso de Despesas (Gabriela Lima);;R$ 150,00;R$ 61.950,00;Reembolso
03/11/2025;Receita de Consultoria (Cliente C);R$ 8.900,00;;R$ 70.850,00;Vendas
05/11/2025;Pagamento de Energia Elétrica;;R$ 420,50;R$ 70.429,50;Despesas Fixas
06/11/2025;Payroll - Valquiria Machado (Diretora TI);;R$ 15.100,00;R$ 55.329,50;Folha de Pagamento
07/11/2025;Venda de Novo Contrato (Cliente D);R$ 35.000,00;;R$ 90.329,50;Vendas
08/11/2025;Compra de Material de Escritório;;R$ 250,00;R$ 90.079,50;Materiais
09/11/2025;Juros Recebidos (Conta Poupança);R$ 180,25;;R$ 90.259,75;Investimentos
10/11/2025;Pagamento de Plano de Saúde (Geral);;R$ 2.500,00;R$ 87.759,75;Benefícios
11/11/2025;Nómina - Junior Pires Mendes (Desenvolvedor Backend);;R$ 3.946,74;R$ 83.813,01;Nómina
12/11/2025;Recebimento de Fatura Antiga (Cliente E);R$ 7.500,00;;R$ 91.313,01;Vendas
13/11/2025;Despesa com Suporte Técnico (TI);;R$ 600,00;R$ 90.713,01;Serviços
14/11/2025;Payroll - Ricardo Rian (Dir. Financeiro);;R$ 16.050,00;R$ 74.663,01;Folha de Pagamento
15/11/2025;Compra de Móveis para Sala de Reunião;;R$ 4.500,00;R$ 70.163,01;Investimento Fixo
16/11/2025;Receita de Venda Recorrente (Cliente F);R$ 5.100,00;;R$ 75.263,01;Vendas
17/11/2025;Reembolso de Viagem (Samara Costa);;R$ 320,00;R$ 74.943,01;Reembolso
18/11/2025;Pagamento de Telefone/Internet;;R$ 180,00;R$ 74.763,01;Despesas Fixas
19/11/2025;Venda de Serviços (Cliente G);R$ 12.000,00;;R$ 86.763,01;Vendas
20/11/2025;Payroll - Recrutador Silva (Sênior);;R$ 6.600,00;R$ 80.163,01;Folha de Pagamento
21/11/2025;Taxas Bancárias Mensais;;R$ 85,00;R$ 80.078,01;Despesas Bancárias
22/11/2025;Administrador Souza (Analista de Sistemas);;R$ 19.703,99;R$ 60.374,02;Folha de Pagamento
23/11/2025;Receita Extra (Negociação);R$ 1.500,00;;R$ 61.874,02;Vendas
24/11/2025;Despesa com Coffee Break (Evento);;R$ 550,00;R$ 61.324,02;Marketing
25/11/2025;Receita de Venda de Ativo;R$ 3.000,00;;R$ 64.324,02;Investimentos
26/11/2025;Pagamento de Fornecedor (Consultoria);;R$ 8.000,00;R$ 56.324,02;Serviços
27/11/2025;Venda de Serviços (Cliente H);R$ 10.500,00;;R$ 66.824,02;Vendas
28/11/2025;Pagamento de Salário (Teste Ferreira Lima);;R$ 3.215,50;R$ 63.608,52;Folha de Pagamento
29/11/2025;Reembolso de Despesas (Gestor Teste);;R$ 150,00;R$ 63.458,52;Reembolso